<?xml version="1.0" encoding="UTF-8"?>
<SOAP-ENV:Envelope xmlns:SOAP-ENV="http://schemas.xmlsoap.org/soap/envelope/" xmlns:marcx="info:lc/xmlns/marcxchange-v1" xmlns:of="http://oss.dbc.dk/ns/openformat"><SOAP-ENV:Body><of:formatResponse><marcx:collection><marcx:record format="danMARC2" type="Bibliographic"><marcx:leader>00000c    2200000   4500</marcx:leader><marcx:datafield ind1="0" ind2="0" tag="001"><marcx:subfield code="a">96827484</marcx:subfield><marcx:subfield code="b">WorldCat</marcx:subfield><marcx:subfield code="c">20140623144458</marcx:subfield><marcx:subfield code="d">19960719</marcx:subfield><marcx:subfield code="f">a</marcx:subfield></marcx:datafield><marcx:datafield ind1="0" ind2="0" tag="004"><marcx:subfield code="r">c</marcx:subfield><marcx:subfield code="a">e</marcx:subfield></marcx:datafield><marcx:datafield ind1="0" ind2="0" tag="008"><marcx:subfield code="t">m</marcx:subfield><marcx:subfield code="u">r</marcx:subfield><marcx:subfield code="a">1860</marcx:subfield><marcx:subfield code="z">1990</marcx:subfield><marcx:subfield code="b">us</marcx:subfield><marcx:subfield code="d">y</marcx:subfield><marcx:subfield code="l">heb</marcx:subfield><marcx:subfield code="v">0</marcx:subfield></marcx:datafield><marcx:datafield ind1="0" ind2="0" tag="009"><marcx:subfield code="a">a</marcx:subfield><marcx:subfield code="g">xx</marcx:subfield></marcx:datafield><marcx:datafield ind1="0" ind2="0" tag="036"><marcx:subfield code="a">   96827484 </marcx:subfield></marcx:datafield><marcx:datafield ind1="0" ind2="0" tag="050"><marcx:subfield code="a">BM695.H3</marcx:subfield><marcx:subfield code="b">H365 1990</marcx:subfield></marcx:datafield><marcx:datafield ind1="0" ind2="0" tag="245"><marcx:subfield code="a">HÌÐamishah sefarim yahÌÐdavÌÐ metsumadim li-yeme HÌÐanukah</marcx:subfield></marcx:datafield><marcx:datafield ind1="0" ind2="0" tag="260"><marcx:subfield code="a">VÌÐilyamsburg</marcx:subfield><marcx:subfield code="b">Torah or</marcx:subfield><marcx:subfield code="c">751 [1990]</marcx:subfield></marcx:datafield><marcx:datafield ind1="0" ind2="0" tag="300"><marcx:subfield code="a">1 v. (various pagings)</marcx:subfield><marcx:subfield code="b">facsim</marcx:subfield><marcx:subfield code="c">24 cm</marcx:subfield></marcx:datafield><marcx:datafield ind1="0" ind2="0" tag="530"><marcx:subfield code="a">Hod tehilah / Efrayim EliÊ»ezer Tsevi HÌÐarlap -- Nes la-shoshanim / HÌÐayim Meshulam KÌÐoifman ha-Kohen -- 12 derashot la-Riba : ... Ê»al HÌÐanukah / Yosef b.R. Aharon Mesing -- KÌÐuntÌÐres shaÊ»ashue raÊ»yonim / Barukh b.R. HÌÐayim LaznovÌÐskÌÐi -- KÌÐuntÌÐres ShaÊ»are orah : Ê»inyene HÌÐanukah / lukÌÐatÌÐ ... Ê»a. y. YitshÌÐakÌÐ Figenboim</marcx:subfield></marcx:datafield><marcx:datafield ind1="0" ind2="0" tag="559"><marcx:subfield code="a">"KÌÐehÌÐu Ê»imakhem devarim--hÌÐamishah sefarim--pilpulim arukim u-kÌÐetsarim ... "</marcx:subfield></marcx:datafield><marcx:datafield ind1="0" ind2="0" tag="559"><marcx:subfield code="a">Reprints of works originally published: 621-669 [1860 or 1861-1908 or 1909]</marcx:subfield></marcx:datafield><marcx:datafield ind1="0" ind2="0" tag="645"><marcx:subfield code="c">Talmud. Shabbat II, 21a-24b</marcx:subfield><marcx:subfield code="x">Commentaries</marcx:subfield></marcx:datafield><marcx:datafield ind1="0" ind2="0" tag="650"><marcx:subfield code="a">Hanukkah</marcx:subfield><marcx:subfield code="2">2</marcx:subfield></marcx:datafield><marcx:datafield ind1="0" ind2="0" tag="650"><marcx:subfield code="a">Hanukkah sermons</marcx:subfield><marcx:subfield code="2">2</marcx:subfield></marcx:datafield><marcx:datafield ind1="0" ind2="0" tag="650"><marcx:subfield code="a">Jewish sermons, Hebrew</marcx:subfield><marcx:subfield code="2">2</marcx:subfield></marcx:datafield><marcx:datafield ind1="0" ind2="0" tag="745"><marcx:subfield code="i">Cover title</marcx:subfield><marcx:subfield code="a">HÌÐamishah sefarim nehÌÐmadim li-yeme HÌÐanukah</marcx:subfield></marcx:datafield><marcx:datafield ind1="0" ind2="0" tag="745"><marcx:subfield code="a">5 sefarim yahÌÐdavÌÐ metsumadim li-yeme HÌÐanukah</marcx:subfield></marcx:datafield><marcx:datafield ind1="0" ind2="0" tag="745"><marcx:subfield code="a">Hod tehilah</marcx:subfield></marcx:datafield><marcx:datafield ind1="0" ind2="0" tag="745"><marcx:subfield code="a">KÌÐuntÌÐres shaÊ»ashuÊ»e raÊ»yonim</marcx:subfield></marcx:datafield><marcx:datafield ind1="0" ind2="0" tag="745"><marcx:subfield code="a">ShaÊ»ashuÊ»e raÊ»yonim</marcx:subfield></marcx:datafield><marcx:datafield ind1="0" ind2="0" tag="745"><marcx:subfield code="a">KÌÐuntÌÐres shaÊ»are orah</marcx:subfield></marcx:datafield><marcx:datafield ind1="0" ind2="0" tag="745"><marcx:subfield code="a">ShaÊ»are orah</marcx:subfield></marcx:datafield><marcx:datafield ind1="0" ind2="0" tag="745"><marcx:subfield code="a">Yod bet derashot</marcx:subfield></marcx:datafield><marcx:datafield ind1="0" ind2="0" tag="745"><marcx:subfield code="a">Shetem Ê»esÌ&#129;reh derashot</marcx:subfield></marcx:datafield></marcx:record></marcx:collection></of:formatResponse></SOAP-ENV:Body></SOAP-ENV:Envelope>
